@mastersthesis{holme2020secure,
  title={Secure Distributed Computing Managed by Blockchain},
  author={Holme, J{\o}rgen},
  year={2020},
  school={University of Stavanger, Norway}
}

@article{nakamoto2008bitcoin,
  title={Bitcoin whitepaper},
  author={Nakamoto, Satoshi},
  journal={URL: https://bitcoin. org/bitcoin. pdf-(: 17.07. 2019)},
  year={2008}
}

 @mastersthesis{wikipedia_2022, title={List of data breaches}, url={https://en.wikipedia.org/wiki/List_of_data_breaches}, journal={Wikipedia}, publisher={Wikimedia Foundation}, year={2022}, month={Jan}} 
 
 @article{malinova2018tokenomics,
  title={Tokenomics: when tokens beat equity},
  author={Malinova, Katya and Park, Andreas},
  journal={Available at SSRN 3286825},
  year={2018}
}

@article{szabo1997formalizing,
  title={Formalizing and securing relationships on public networks},
  author={Szabo, Nick},
  journal={First monday},
  year={1997}
}

@misc{OwnestNF21:online,
author = {},
title = {Ownest | NFT Month - History of NFTs},
howpublished = {\url{https://ownest.io/en/news/history-of-nfts}},
month = {},
year = {},
note = {(Accessed on 05/10/2022)}
}